<?xml version="1.0" encoding="UTF-8"?><record xmlns="http://www.loc.gov/MARC21/slim" xmlns:cinclude="http://apache.org/cocoon/include/1.0" xmlns:zs="http://www.loc.gov/zing/srw/">
  <leader>00856cz  a2200169n  4500</leader>
  <controlfield tag="001">n  79020816 </controlfield>
  <controlfield tag="003">DLC</controlfield>
  <controlfield tag="005">20130315080714.0</controlfield>
  <controlfield tag="008">790322n| abannaabn          |b ana      </controlfield>
  <datafield tag="010" ind1=" " ind2=" ">
    <subfield code="a">n  79020816 </subfield>
  </datafield>
  <datafield tag="035" ind1=" " ind2=" ">
    <subfield code="a">(OCoLC)oca00254620</subfield>
  </datafield>
  <datafield tag="040" ind1=" " ind2=" ">
    <subfield code="a">DLC</subfield>
    <subfield code="b">eng</subfield>
    <subfield code="c">DLC</subfield>
    <subfield code="d">OCoLC</subfield>
    <subfield code="d">DLC</subfield>
  </datafield>
  <datafield tag="110" ind1="1" ind2=" ">
    <subfield code="a">California.</subfield>
    <subfield code="b">Department of Health.</subfield>
    <subfield code="b">Health Manpower Development Section</subfield>
  </datafield>
  <datafield tag="410" ind1="1" ind2=" ">
    <subfield code="a">California.</subfield>
    <subfield code="b">Department of Health.</subfield>
    <subfield code="b">Manpower Administration Branch.</subfield>
    <subfield code="b">Health Manpower Development Section</subfield>
  </datafield>
  <datafield tag="410" ind1="1" ind2=" ">
    <subfield code="w">nnea</subfield>
    <subfield code="a">California.</subfield>
    <subfield code="b">Dept. of Health.</subfield>
    <subfield code="b">Health Manpower Development Section</subfield>
  </datafield>
  <datafield tag="667" ind1=" " ind2=" ">
    <subfield code="a">THIS 1XX FIELD CANNOT BE USED UNDER RDA UNTIL THIS RECORD HAS BEEN REVIEWED AND/OR UPDATED</subfield>
  </datafield>
  <datafield tag="670" ind1=" " ind2=" ">
    <subfield code="a">Its Experimental health manpower ... 1975:</subfield>
    <subfield code="b">t.p. (Health Manpower Development Section, Manpower Administration Branch, Division of Administration, California Department of Health)</subfield>
  </datafield>
</record>